<?xml version="1.0" encoding="UTF-8"?>
<collection xmlns="http://www.loc.gov/MARC21/slim">
   <record>
      <leader>00000nz  a2200000nc 4500</leader>
      <controlfield tag="001">institutions/51005544</controlfield>
      <controlfield tag="003">DE-633</controlfield>
      <controlfield tag="005">20250620052302.0</controlfield>
      <controlfield tag="008">210902||||z|||a|||||||||||||||||n||||||d</controlfield>
      <datafield tag="024" ind1="7" ind2=" ">
         <subfield code="a">122613052</subfield>
         <subfield code="2">VIAF</subfield>
      </datafield>
      <datafield tag="024" ind1="7" ind2=" ">
         <subfield code="a">MC-MCapp</subfield>
         <subfield code="q">siglum</subfield>
         <subfield code="2">rism</subfield>
      </datafield>
      <datafield tag="034" ind1="1" ind2=" ">
         <subfield code="d">7.42035085962871</subfield>
         <subfield code="f">43.73119598765021</subfield>
      </datafield>
      <datafield tag="040" ind1=" " ind2=" ">
         <subfield code="a">DE-633</subfield>
         <subfield code="c">DE-633</subfield>
         <subfield code="e">rismg</subfield>
      </datafield>
      <datafield tag="110" ind1="1" ind2=" ">
         <subfield code="a">Archives du Palais princier de Monaco</subfield>
         <subfield code="c">Monaco</subfield>
         <subfield code="g">MC-MCapp</subfield>
      </datafield>
      <datafield tag="368" ind1=" " ind2=" ">
         <subfield code="a">Institution</subfield>
         <subfield code="a">Library</subfield>
         <subfield code="a">Archive</subfield>
      </datafield>
      <datafield tag="371" ind1=" " ind2=" ">
         <subfield code="a">Palais Princier de Monaco B.P. 518</subfield>
         <subfield code="b">Monaco</subfield>
         <subfield code="d">Monaco</subfield>
         <subfield code="e">98015</subfield>
         <subfield code="u">https://www.palais.mc/</subfield>
         <subfield code="z">tel: +377 / 93 25 18 31</subfield>
      </datafield>
      <datafield tag="551" ind1="1" ind2=" ">
         <subfield code="a">Monaco</subfield>
         <subfield code="0">places/3905518</subfield>
      </datafield>
      <datafield tag="670" ind1="1" ind2=" ">
         <subfield code="a">CornejoR 2021</subfield>
         <subfield code="0">publications/50006617</subfield>
      </datafield>
   </record>